<collection xmlns="http://www.loc.gov/MARC21/slim"><record><leader>00556nam  2200169   450</leader><controlfield tag="001">467</controlfield><controlfield tag="003">http://montalegre.opacnet.com/OPAC/default.aspx?ContentAreaControl=ShowRegHoldings.ascx&amp;RegNo=16662</controlfield><datafield tag="100" ind1=" " ind2=" "><subfield code="a">19720901d1972    m  y0pora010305  ba</subfield></datafield><datafield tag="101" ind1="1" ind2=" "><subfield code="a">por</subfield><subfield code="c">eng</subfield></datafield><datafield tag="102" ind1=" " ind2=" "><subfield code="a">PT</subfield></datafield><datafield tag="200" ind1="1" ind2=" "><subfield code="a">&lt;Uma &gt;forma de vida</subfield><subfield code="f">Graham Greene</subfield><subfield code="g">trad. Maria Ondina Braga</subfield></datafield><datafield tag="210" ind1=" " ind2=" "><subfield code="a">Amadora</subfield><subfield code="c">Bertrand</subfield><subfield code="d">[D.L. 1972]</subfield></datafield><datafield tag="215" ind1=" " ind2=" "><subfield code="a">268, [1] p.</subfield><subfield code="d">19 cm</subfield></datafield><datafield tag="675" ind1=" " ind2=" "><subfield code="a">821</subfield><subfield code="v">BN</subfield><subfield code="z">por</subfield></datafield><datafield tag="700" ind1=" " ind2="1"><subfield code="a">Greene</subfield><subfield code="b">Graham</subfield><subfield code="f">1904-1991</subfield></datafield><datafield tag="702" ind1=" " ind2="1"><subfield code="a">Braga</subfield><subfield code="b">Maria Ondina</subfield><subfield code="f">1932-2003</subfield><subfield code="4">730</subfield></datafield><datafield tag="801" ind1=" " ind2="0"><subfield code="a">PT</subfield><subfield code="b">Biblioteca Municipal de Montalegre</subfield><subfield code="g">RPC</subfield></datafield><datafield tag="909" ind1="&#9;" ind2=" "><subfield code="a">1</subfield></datafield><datafield tag="966" ind1=" " ind2=" "><subfield code="a">0008657</subfield><subfield code="l">BMM</subfield><subfield code="s">SCG 821 GRE for</subfield></datafield></record></collection>